<?xml version="1.0" encoding="UTF-8"?><collection xmlns="http://www.loc.gov/MARC21/slim"><record><leader>00428nam--2200133-i-4500</leader><controlfield tag="001">000026592</controlfield><controlfield tag="002">20161230</controlfield><controlfield tag="005">20161230201036</controlfield><controlfield tag="008">060222s1000------------r-----000-0-eng-d</controlfield><datafield ind1=" " ind2=" " tag="080"><subfield code="a">621.382:537.63(043)</subfield></datafield><datafield ind1=" " ind2=" " tag="100"><subfield code="a">Kazemi-achtiani, Azar</subfield></datafield><datafield ind1=" " ind2=" " tag="245"><subfield code="a">Fonctionnement et optimisation des micromagnetosiodes integrees sur silicium sur isolant. these</subfield></datafield><datafield ind1=" " ind2=" " tag="260"><subfield code="a">Grenoble, Institut National Polytechnique, 1981, 103 P</subfield></datafield><datafield ind1=" " ind2=" " tag="852"><subfield code="a">71039</subfield></datafield></record></collection>